<record xmlns="http://www.loc.gov/MARC21/slim" xmlns:xsi="http://www.w3.org/2001/XMLSchema-instance" xsi:schemaLocation="http://www.loc.gov/MARC21/slim http://www.loc.gov/standards/marcxml/schema/MARC21slim.xsd">

  <leader>00653nab a22002057a 4500</leader>
  <controlfield tag="003">cru INIE</controlfield>
  <controlfield tag="005">20170826062542.0</controlfield>
  <controlfield tag="008">150508b1997    c  ||||| |||| 00| 0 spa d</controlfield>
  <datafield tag="040" ind1=" " ind2=" ">
    <subfield code="c">cru INIE</subfield>
  </datafield>
  <datafield ind1=" " tag="090" ind2=" ">
    <subfield code="a">REVIS 15.04.04</subfield>
  </datafield>
  <datafield ind2=" " ind1="1" tag="100">
    <subfield code="9">49</subfield>
    <subfield code="a">Cuenca, Paula</subfield>
  </datafield>
  <datafield ind1="1" tag="245" ind2="0">
    <subfield code="a">Adolescente embarazada y control del embarazo /</subfield>
    <subfield code="c">Paula Cuenca, Sabrina Bermúdez</subfield>
  </datafield>
  <datafield tag="260" ind1=" " ind2=" ">
    <subfield code="a">Chile :</subfield>
    <subfield code="b">Red de Salud de las mujeres latinoamericanas y del caribe,</subfield>
    <subfield code="c">1997</subfield>
  </datafield>
  <datafield ind1=" " tag="300" ind2=" ">
    <subfield code="a">páginas 7-15</subfield>
  </datafield>
  <datafield ind2="4" tag="650" ind1="1">
    <subfield code="9">5</subfield>
    <subfield code="a">ADOLESCENTES</subfield>
  </datafield>
  <datafield ind2="4" tag="650" ind1="1">
    <subfield code="9">50</subfield>
    <subfield code="a">EMBARAZO</subfield>
  </datafield>
  <datafield ind2=" " tag="700" ind1="1">
    <subfield code="9">51</subfield>
    <subfield code="a">Bermúdez, Sabrina</subfield>
  </datafield>
  <datafield ind2=" " ind1="0" tag="773">
    <subfield code="t">Revista Mujer Salud</subfield>
    <subfield code="g">No.4 (octubre- diciembre,1997)</subfield>
  </datafield>
  <datafield ind2=" " ind1=" " tag="942">
    <subfield code="2">z</subfield>
    <subfield code="c">10</subfield>
  </datafield>
  <datafield tag="999" ind1=" " ind2=" ">
    <subfield code="c">2561</subfield>
    <subfield code="d">2561</subfield>
  </datafield>
</record>